@article{GTZAN,
  author  = {Tzanetakis, George and Cook, Perry},
  title   = {A comparison of musical genre classification methods},
  journal = {IEEE Transactions on Audio, Speech, and Language Processing},
  volume  = {10},
  number  = {5},
  pages   = {293--302},
  year    = {2002},
  doi     = {10.1109/TSA.2002.800560}
}

@article{MDC,
  author  = {Lee, Sung-Hyun and Kim, Jang-Hoon},
  title   = {A study on music genre classification using the Mahalanobis distance},
  journal = {Expert Systems with Applications},
  volume  = {39},
  number  = {3},
  pages   = {2987--2994},
  year    = {2012},
  doi     = {10.1016/j.eswa.2011.09.040}
}

@article{LDA,
  author  = {Zhu, Xiaoyu and Zhang, Xiaohua and Li, Xiaomin},
  title   = {Music genre classification using linear discriminant analysis},
  journal = {Expert Systems with Applications},
  volume  = {41},
  number  = {4},
  pages   = {1588--1595},
  year    = {2014},
  doi     = {10.1016/j.eswa.2013.09.052}
}

@article{PCA,
  author  = {Barbancho, Ana M. and Tard√≥n, Lorenzo J. and Barbancho, Isabel},
  title   = {Principal component analysis for music genre classification},
  journal = {Journal of Vibration and Control},
  volume  = {20},
  number  = {6},
  pages   = {954--962},
  year    = {2014},
  doi     = {10.1177/1077546313476632}
}

@article{Ensemble,
  author  = {Shiu, Shau-Yin and Wu, Chun-Min},
  title   = {Ensemble methods for music genre classification},
  journal = {Expert Systems with Applications},
  volume  = {38},
  number  = {12},
  pages   = {15210--15218},
  year    = {2011},
  doi     = {10.1016/j.eswa.2011.05.108}
}

@article{DeepLearning,
  author  = {Dieleman, Sander and Schrauwen, Benjamin},
  title   = {A deep learning approach to music genre classification},
  journal = {ISMIR},
  year    = {2014},
  pages   = {649--654}
}

@article{Classifiers,
  author  = {Nanni, Loris and Lumini, Alessandra},
  title   = {A comparative study of music genre classification using various classifiers},
  journal = {Expert Systems with Applications},
  volume  = {39},
  number  = {1},
  pages   = {30--37},
  year    = {2012},
  doi     = {10.1016/j.eswa.2011.06.029}
}

@article{AudioLyrics,
  author  = {Nam, Juhan and Lee, Jaejin},
  title   = {Music genre classification using audio and lyrics features},
  journal = {IEEE Transactions on Multimedia},
  volume  = {15},
  number  = {3},
  pages   ={537--548},
year = {2013},
doi = {10.1109/TMM.2013.2242967}
}

@article{CNN,
author = {Pons, Joan and Serra, Xavier},
title = {Experimenting with musically motivated convolutional neural networks},
journal = {ISMIR},
year = {2016},
pages = {357--363}
}

@article{TransferLearning,
author = {Zhao, Hong and Zhang, Kaiqi},
title = {Music genre classification based on transfer learning from music similarity},
journal = {IEEE Transactions on Multimedia},
volume = {20},
number = {8},
pages = {2151--2161},
year = {2018},
doi = {10.1109/TMM.2018.2801978}
}

@article{MetaLearning,
author = {Xie, Qianqian and Zheng, Yefeng and Lv, Xueqiang},
title = {Meta-learning for music genre recognition},
journal = {Expert Systems with Applications},
volume = {173},
pages = {114630},
year = {2021},
doi = {10.1016/j.eswa.2021.114630}
}